<?xml version="1.0"?>
<marc:records xmlns:marc="http://www.loc.gov/MARC21/slim" xmlns:xsi="http://www.w3.org/2001/XMLSchema-instance" xsi:schemaLocation="http://www.loc.gov/MARC21/slim http://www.loc.gov/standards/marcxml/schema/MARC21slim.xsd">
  <marc:record>
    <marc:leader>06182ctm a2200733Ia 4500</marc:leader>
    <marc:controlfield tag="001">9944235783503681</marc:controlfield>
    <marc:controlfield tag="005">20200814120031.0</marc:controlfield>
    <marc:controlfield tag="008">081202q17001850ua            000 0 ara d</marc:controlfield>
    <marc:datafield ind1=" " ind2=" " tag="035">
  <marc:subfield code="a">(OCoLC)276880216</marc:subfield>
</marc:datafield>
    <marc:datafield ind1=" " ind2=" " tag="035">
  <marc:subfield code="a">(OCoLC)ocn276880216</marc:subfield>
</marc:datafield>
    <marc:datafield ind1=" " ind2=" " tag="040">
  <marc:subfield code="a">PAU</marc:subfield>
  <marc:subfield code="b">eng</marc:subfield>
  <marc:subfield code="c">PAU</marc:subfield>
  <marc:subfield code="d">OCLCQ</marc:subfield>
  <marc:subfield code="d">OCLCA</marc:subfield>
  <marc:subfield code="d">PAU</marc:subfield>
  <marc:subfield code="d">OCLCF</marc:subfield>
  <marc:subfield code="d">PAU</marc:subfield>
</marc:datafield>
    <marc:datafield ind1="1" ind2=" " tag="041">
  <marc:subfield code="a">ara</marc:subfield>
  <marc:subfield code="h">cop</marc:subfield>
</marc:datafield>
    <marc:datafield ind1=" " ind2="9" tag="099">
  <marc:subfield code="a">CAJS Rar Ms 180</marc:subfield>
</marc:datafield>
    <marc:datafield ind1="0" ind2="0" tag="245">
  <marc:subfield code="6">880-01</marc:subfield>
  <marc:subfield code="a">Kita&#x304;b mada&#x304;&#x2BC;ih&#x323; yatad&#x323;ammanu mada&#x304;&#x2BC;ih&#x323; li-shahr Ki&#x304;hak wa-al-a&#x2BB;ya&#x304;d al-sayyidi&#x304;yah kiba&#x304;r wa-s&#x323;igha&#x304;r wa-mada&#x304;&#x2BC;ih&#x323; al-arba&#x2BB;i&#x304;n al-muqaddasah wa-al-s&#x323;ali&#x304;b.</marc:subfield>
</marc:datafield>
    <marc:datafield ind1="3" ind2="0" tag="246">
  <marc:subfield code="6">880-02</marc:subfield>
  <marc:subfield code="a">Mada&#x304;&#x2BC;ih&#x323;.</marc:subfield>
</marc:datafield>
    <marc:datafield ind1=" " ind2=" " tag="260">
  <marc:subfield code="a">[Egypt?],</marc:subfield>
  <marc:subfield code="c">[between 1700 and 1850?]</marc:subfield>
</marc:datafield>
    <marc:datafield ind1=" " ind2=" " tag="300">
  <marc:subfield code="a">173 leaves :</marc:subfield>
  <marc:subfield code="b">paper ;</marc:subfield>
  <marc:subfield code="c">162-166 x 118-121 mm., bound to 172 x 150 mm.</marc:subfield>
</marc:datafield>
    <marc:datafield ind1=" " ind2=" " tag="336">
  <marc:subfield code="a">text</marc:subfield>
  <marc:subfield code="b">txt</marc:subfield>
  <marc:subfield code="2">rdacontent</marc:subfield>
</marc:datafield>
    <marc:datafield ind1=" " ind2=" " tag="337">
  <marc:subfield code="a">unmediated</marc:subfield>
  <marc:subfield code="b">n</marc:subfield>
  <marc:subfield code="2">rdamedia</marc:subfield>
</marc:datafield>
    <marc:datafield ind1=" " ind2=" " tag="338">
  <marc:subfield code="a">volume</marc:subfield>
  <marc:subfield code="b">nc</marc:subfield>
  <marc:subfield code="2">rdacarrier</marc:subfield>
</marc:datafield>
    <marc:datafield ind1=" " ind2=" " tag="500">
  <marc:subfield code="a">Ms. codex.</marc:subfield>
</marc:datafield>
    <marc:datafield ind1=" " ind2=" " tag="500">
  <marc:subfield code="a">Title from introduction (f. 2r).</marc:subfield>
</marc:datafield>
    <marc:datafield ind1=" " ind2=" " tag="500">
  <marc:subfield code="a">Foliation: Paper, 173; 1-159, [i], 160-172; modern Roman script foliation in pencil, upper center recto. Catchwords on versos, lower center or lower left corner.</marc:subfield>
</marc:datafield>
    <marc:datafield ind1=" " ind2=" " tag="500">
  <marc:subfield code="a">Layout: Written in 13 to 15 lines per page in black and red ink; text frame-ruled in blind.</marc:subfield>
</marc:datafield>
    <marc:datafield ind1=" " ind2=" " tag="500">
  <marc:subfield code="a">Script: Written in naskh in black ink, pointed, with two punctuation signs, a colon (:) and two slanting parallel lines (//). Folios 156-159, [i], 160-172, in a different hand, are more recent.</marc:subfield>
</marc:datafield>
    <marc:datafield ind1=" " ind2=" " tag="500">
  <marc:subfield code="a">Decoration: decorative opening in black and red ink (f. 1r); a few leaves at beginning of volume have simple decorative elements in black and red ink.</marc:subfield>
</marc:datafield>
    <marc:datafield ind1=" " ind2=" " tag="500">
  <marc:subfield code="a">Binding: Full dark leather with fore-edge flap and envelope flap; boards and flaps tooled in blind; white paper label with typed shelf-mark on spine. Spine and tail of upper board repaired with red leather; spine and lower board partially detached from textblock; some wormholes in spine and a few in boards and flaps.</marc:subfield>
</marc:datafield>
    <marc:datafield ind1=" " ind2=" " tag="500">
  <marc:subfield code="a">Origin: Item is undated, but probably copied in the 18th or first half of the 19th century. Likely produced in Egypt.</marc:subfield>
</marc:datafield>
    <marc:datafield ind1=" " ind2=" " tag="500">
  <marc:subfield code="a">Copy has ms. marks in ink and blue pencil on pastedowns and first leaf; a few ms. marginal marks and annotations in text; occasional ink smudges and blots and wax drips on leaves. Four small modern ms. leaves identifying hymns laid in.</marc:subfield>
</marc:datafield>
    <marc:datafield ind1=" " ind2=" " tag="520">
  <marc:subfield code="a">Collection of hymns used in the Coptic Church for the month of Ki&#x304;hak and for the seven major and minor feasts and for Lent. 77 hymns in all.</marc:subfield>
</marc:datafield>
    <marc:datafield ind1=" " ind2=" " tag="524">
  <marc:subfield code="a">CAJS Rar Ms 180</marc:subfield>
</marc:datafield>
    <marc:datafield ind1=" " ind2=" " tag="546">
  <marc:subfield code="a">Arabic with some Coptic.</marc:subfield>
</marc:datafield>
    <marc:datafield ind1="1" ind2=" " tag="561">
  <marc:subfield code="a">Formerly owned by Ibra&#x304;hi&#x304;m ibn Yu&#x304;suf al-Rashi&#x304;di&#x304; (note f. 163r).</marc:subfield>
</marc:datafield>
    <marc:datafield ind1="1" ind2=" " tag="561">
  <marc:subfield code="a">Presented to the Library of the Dropsie College for Hebrew and Cognate Learning by Dr. Cyrus Adler (bookplate with ms. shelf mark, front pastedown).\</marc:subfield>
</marc:datafield>
    <marc:datafield ind1="2" ind2="0" tag="610">
  <marc:subfield code="a">Coptic Church</marc:subfield>
  <marc:subfield code="x">Liturgy.</marc:subfield>
</marc:datafield>
    <marc:datafield ind1="2" ind2="0" tag="610">
  <marc:subfield code="a">Coptic Church</marc:subfield>
  <marc:subfield code="x">Prayers and devotions.</marc:subfield>
</marc:datafield>
    <marc:datafield ind1="2" ind2="7" tag="610">
  <marc:subfield code="a">Coptic Church.</marc:subfield>
  <marc:subfield code="2">fast</marc:subfield>
  <marc:subfield code="0">(OCoLC)fst00536919</marc:subfield>
</marc:datafield>
    <marc:datafield ind1=" " ind2="0" tag="650">
  <marc:subfield code="a">Fasts and feasts</marc:subfield>
  <marc:subfield code="x">Coptic church.</marc:subfield>
</marc:datafield>
    <marc:datafield ind1=" " ind2="0" tag="650">
  <marc:subfield code="a">Devotional calendars</marc:subfield>
  <marc:subfield code="x">Coptic church.</marc:subfield>
</marc:datafield>
    <marc:datafield ind1=" " ind2="0" tag="650">
  <marc:subfield code="a">Christian poetry, Arabic</marc:subfield>
  <marc:subfield code="z">Egypt</marc:subfield>
  <marc:subfield code="v">Early works to 1800.</marc:subfield>
</marc:datafield>
    <marc:datafield ind1=" " ind2="7" tag="650">
  <marc:subfield code="a">Christian poetry, Arabic.</marc:subfield>
  <marc:subfield code="2">fast</marc:subfield>
  <marc:subfield code="0">(OCoLC)fst00859382</marc:subfield>
</marc:datafield>
    <marc:datafield ind1=" " ind2="7" tag="650">
  <marc:subfield code="a">Liturgics.</marc:subfield>
  <marc:subfield code="2">fast</marc:subfield>
  <marc:subfield code="0">(OCoLC)fst01000579</marc:subfield>
</marc:datafield>
    <marc:datafield ind1=" " ind2="7" tag="651">
  <marc:subfield code="a">Egypt.</marc:subfield>
  <marc:subfield code="2">fast</marc:subfield>
  <marc:subfield code="0">(OCoLC)fst01208755</marc:subfield>
</marc:datafield>
    <marc:datafield ind1=" " ind2="0" tag="655">
  <marc:subfield code="a">Manuscripts, Arabic</marc:subfield>
  <marc:subfield code="y">18th century.</marc:subfield>
</marc:datafield>
    <marc:datafield ind1=" " ind2="0" tag="655">
  <marc:subfield code="a">Manuscripts, Arabic</marc:subfield>
  <marc:subfield code="y">19th century.</marc:subfield>
</marc:datafield>
    <marc:datafield ind1=" " ind2="7" tag="655">
  <marc:subfield code="a">Codices (bound manuscripts)</marc:subfield>
  <marc:subfield code="2">aat</marc:subfield>
</marc:datafield>
    <marc:datafield ind1=" " ind2="7" tag="655">
  <marc:subfield code="a">Early works.</marc:subfield>
  <marc:subfield code="2">fast</marc:subfield>
  <marc:subfield code="0">(OCoLC)fst01411636</marc:subfield>
</marc:datafield>
    <marc:datafield ind1="1" ind2=" " tag="700">
  <marc:subfield code="a">Adler, Cyrus,</marc:subfield>
  <marc:subfield code="d">1863-1940,</marc:subfield>
  <marc:subfield code="e">donor.</marc:subfield>
</marc:datafield>
    <marc:datafield ind1="1" ind2=" " tag="700">
  <marc:subfield code="6">880-03</marc:subfield>
  <marc:subfield code="a">Rashi&#x304;di&#x304;, Ibra&#x304;hi&#x304;m ibn Yu&#x304;suf,</marc:subfield>
  <marc:subfield code="e">former owner.</marc:subfield>
</marc:datafield>
    <marc:datafield ind1="2" ind2=" " tag="710">
  <marc:subfield code="a">Dropsie College for Hebrew and Cognate Learning.</marc:subfield>
</marc:datafield>
    <marc:datafield ind1="0" ind2="2" tag="740">
  <marc:subfield code="6">880-04</marc:subfield>
  <marc:subfield code="a">Mada&#x304;&#x2BC;ih&#x323; li-shahr Ki&#x304;hak.</marc:subfield>
</marc:datafield>
    <marc:datafield ind1="0" ind2="2" tag="740">
  <marc:subfield code="6">880-05</marc:subfield>
  <marc:subfield code="a">Mada&#x304;&#x2BC;ih&#x323; al-a&#x2BB;ya&#x304;d al-sayyidi&#x304;yah kiba&#x304;r wa-s&#x323;igha&#x304;r.</marc:subfield>
</marc:datafield>
    <marc:datafield ind1="0" ind2="2" tag="740">
  <marc:subfield code="6">880-06</marc:subfield>
  <marc:subfield code="a">Mada&#x304;&#x2BC;ih&#x323; al-arba&#x2BB;i&#x304;n al-muqaddasah wa-al-s&#x323;ali&#x304;b.</marc:subfield>
</marc:datafield>
    <marc:datafield ind1=" " ind2=" " tag="852">
  <marc:subfield code="b">Library at the Herbert D. Katz Center for Advanced Judaic Studies</marc:subfield>
  <marc:subfield code="a">University of Pennsylvania</marc:subfield>
  <marc:subfield code="e">420 Walnut Street, Philadelphia, Pennsylvania 19106-3703.</marc:subfield>
  <marc:subfield code="j">CAJS Rar Ms 180</marc:subfield>
</marc:datafield>
    <marc:datafield ind1="4" ind2="1" tag="856">
  <marc:subfield code="z">Digital facsimile in OPenn</marc:subfield>
  <marc:subfield code="u">https://openn.library.upenn.edu/Data/0002/html/kcajs_rar_ms180.html</marc:subfield>
</marc:datafield>
    <marc:datafield ind1="0" ind2="0" tag="880">
  <marc:subfield code="6">245-01//r</marc:subfield>
  <marc:subfield code="a">&#x643;&#x62A;&#x627;&#x628; &#x645;&#x62F;&#x627;&#x626;&#x62D; &#x64A;&#x62A;&#x636;&#x645;&#x646; &#x645;&#x62F;&#x627;&#x626;&#x62D; &#x644;&#x634;&#x647;&#x631; &#x643;&#x64A;&#x647;&#x643; &#x648;&#x627;&#x644;&#x627;&#x639;&#x64A;&#x627;&#x62F; &#x627;&#x644;&#x633;&#x64A;&#x62F;&#x64A;&#x629; &#x643;&#x628;&#x627;&#x631; &#x648;&#x635;&#x63A;&#x627;&#x631; &#x648;&#x645;&#x62F;&#x627;&#x626;&#x62D; &#x627;&#x644;&#x623;&#x631;&#x628;&#x639;&#x64A;&#x646; &#x627;&#x644;&#x645;&#x642;&#x62F;&#x633;&#x629; &#x648;&#x627;&#x644;&#x635;&#x644;&#x64A;&#x628;.</marc:subfield>
</marc:datafield>
    <marc:datafield ind1="3" ind2="0" tag="880">
  <marc:subfield code="6">246-02//r</marc:subfield>
  <marc:subfield code="a">&#x645;&#x62F;&#x627;&#x626;&#x62D;.</marc:subfield>
</marc:datafield>
    <marc:datafield ind1="1" ind2=" " tag="880">
  <marc:subfield code="6">700-03//r</marc:subfield>
  <marc:subfield code="a">&#x631;&#x634;&#x64A;&#x62F;&#x64A;&#x60C; &#x627;&#x628;&#x631;&#x627;&#x647;&#x64A;&#x645; &#x628;&#x646; &#x64A;&#x648;&#x633;&#x641;.</marc:subfield>
</marc:datafield>
    <marc:datafield ind1="0" ind2="2" tag="880">
  <marc:subfield code="6">740-04//r</marc:subfield>
  <marc:subfield code="a">&#x645;&#x62F;&#x627;&#x626;&#x62D; &#x644;&#x634;&#x647;&#x631; &#x643;&#x64A;&#x647;&#x643;.</marc:subfield>
</marc:datafield>
    <marc:datafield ind1="0" ind2="2" tag="880">
  <marc:subfield code="6">740-05//r</marc:subfield>
  <marc:subfield code="a">&#x645;&#x62F;&#x627;&#x626;&#x62D; &#x627;&#x644;&#x627;&#x639;&#x64A;&#x627;&#x62F; &#x627;&#x644;&#x633;&#x64A;&#x62F;&#x64A;&#x629; &#x643;&#x628;&#x627;&#x631; &#x648;&#x635;&#x63A;&#x627;&#x631;.</marc:subfield>
</marc:datafield>
    <marc:datafield ind1="0" ind2="2" tag="880">
  <marc:subfield code="6">740-06//r</marc:subfield>
  <marc:subfield code="a">&#x645;&#x62F;&#x627;&#x626;&#x62D; &#x627;&#x644;&#x627;&#x631;&#x628;&#x639;&#x64A;&#x646; &#x627;&#x644;&#x645;&#x642;&#x62F;&#x633;&#x629; &#x648;&#x627;&#x644;&#x635;&#x644;&#x64A;&#x628;.</marc:subfield>
</marc:datafield>
    <marc:datafield ind1=" " ind2=" " tag="948">
  <marc:subfield code="h">HELD BY PAU - 0 OTHER HOLDINGS</marc:subfield>
</marc:datafield>
    <marc:datafield ind1=" " ind2=" " tag="994">
  <marc:subfield code="a">Z0</marc:subfield>
  <marc:subfield code="b">PAU</marc:subfield>
</marc:datafield>
    <marc:datafield ind1=" " ind2=" " tag="996">
  <marc:subfield code="a">hinge-right</marc:subfield>
</marc:datafield>
    <marc:holdings>
      <marc:holding>
        <marc:holding_id>22320861410003681</marc:holding_id>
        <marc:call_number>CAJS Rar Ms 180</marc:call_number>
        <marc:library>KatzLib</marc:library>
        <marc:location>cjsrarms</marc:location>
      </marc:holding>
    </marc:holdings>
  </marc:record>
</marc:records>
